<?xml version="1.0" encoding="UTF-8"?>
<ting:container xmlns:ting="http://www.dbc.dk/ting" xmlns:dkabm="http://biblstandard.dk/abm/namespace/dkabm/" xmlns:ac="http://biblstandard.dk/ac/namespace/" xmlns:dkdcplus="http://biblstandard.dk/abm/namespace/dkdcplus/" xmlns:oss="http://oss.dbc.dk/ns/osstypes" xmlns:dc="http://purl.org/dc/elements/1.1/" xmlns:dcterms="http://purl.org/dc/terms/" xmlns:xsi="http://www.w3.org/2001/XMLSchema-instance" xmlns:docbook="http://docbook.org/ns/docbook"><dkabm:record><ac:identifier>33990510|870971</ac:identifier><ac:source>Avisartikler</ac:source><dc:title>Den lange vej til verdens ende</dc:title><dc:title xsi:type="dkdcplus:full">Den lange vej til verdens ende</dc:title><dc:creator>Kim Skotte</dc:creator><dc:creator xsi:type="oss:sort">Skotte, Kim</dc:creator><dc:subject xsi:type="dkdcplus:DK5">99.4 Hillcoat, John</dc:subject><dc:subject xsi:type="dkdcplus:DK5-Text">Biografier af enkelte personer</dc:subject><dc:subject xsi:type="dkdcplus:DBCF">Cormac McCarthy</dc:subject><dc:subject xsi:type="oss:sort">McCarthy, Cormac</dc:subject><dc:subject xsi:type="dkdcplus:DBCF">John Hillcoat</dc:subject><dc:subject xsi:type="oss:sort">Hillcoat, John</dc:subject><dc:subject xsi:type="dkdcplus:DBCF">The Road</dc:subject><dc:subject xsi:type="dkdcplus:DBCF">amerikansk film</dc:subject><dcterms:abstract>Det blev den relativt uerfarne australske instruktør John Hillcoat, der kom til at filmatisere Cormac McCarthys moderne mesterværk 'The Road'</dcterms:abstract><dcterms:audience>voksenmaterialer</dcterms:audience><dc:contributor xsi:type="dkdcplus:ive">John Hillcoat</dc:contributor><dc:date>2010</dc:date><dc:type xsi:type="dkdcplus:BibDK-Type">Avisartikel</dc:type><dc:format>illustreret</dc:format><dcterms:extent>Sektion 2, s. 9</dcterms:extent><dc:language xsi:type="dcterms:ISO639-2">dan</dc:language><dc:language>Dansk</dc:language><dcterms:isPartOf>Politiken, 2010-01-30</dcterms:isPartOf><dcterms:isPartOf xsi:type="dkdcplus:ISSN">0907-1814</dcterms:isPartOf></dkabm:record><marcx:collection xmlns:marcx="info:lc/xmlns/marcxchange-v1"><marcx:record format="danMARC2" type="Bibliographic"><marcx:leader>00000n    2200000   4500</marcx:leader><marcx:datafield tag="001" ind1="0" ind2="0"><marcx:subfield code="a">33990510</marcx:subfield><marcx:subfield code="b">870971</marcx:subfield><marcx:subfield code="c">20100201135914</marcx:subfield><marcx:subfield code="d">20100201</marcx:subfield><marcx:subfield code="f">a</marcx:subfield></marcx:datafield><marcx:datafield tag="004" ind1="0" ind2="0"><marcx:subfield code="r">n</marcx:subfield><marcx:subfield code="a">i</marcx:subfield></marcx:datafield><marcx:datafield tag="008" ind1="0" ind2="0"><marcx:subfield code="t">a</marcx:subfield><marcx:subfield code="u">f</marcx:subfield><marcx:subfield code="a">2010</marcx:subfield><marcx:subfield code="b">dk</marcx:subfield><marcx:subfield code="d">y</marcx:subfield><marcx:subfield code="l">dan</marcx:subfield><marcx:subfield code="v">0</marcx:subfield><marcx:subfield code="r">an</marcx:subfield></marcx:datafield><marcx:datafield tag="009" ind1="0" ind2="0"><marcx:subfield code="a">a</marcx:subfield><marcx:subfield code="g">xx</marcx:subfield></marcx:datafield><marcx:datafield tag="016" ind1="0" ind2="0"><marcx:subfield code="a">03243850</marcx:subfield></marcx:datafield><marcx:datafield tag="032" ind1="0" ind2="0"><marcx:subfield code="a">ABU201006</marcx:subfield><marcx:subfield code="a">DAR201006</marcx:subfield></marcx:datafield><marcx:datafield tag="086" ind1="0" ind2="0"><marcx:subfield code="a">Biografier af enkelte personer</marcx:subfield></marcx:datafield><marcx:datafield tag="245" ind1="0" ind2="0"><marcx:subfield code="a">Den ¤lange vej til verdens ende</marcx:subfield><marcx:subfield code="e">Kim Skotte, interview med John Hillcoat</marcx:subfield></marcx:datafield><marcx:datafield tag="300" ind1="0" ind2="0"><marcx:subfield code="a">Sektion 2, s. 9</marcx:subfield><marcx:subfield code="b">ill.</marcx:subfield></marcx:datafield><marcx:datafield tag="504" ind1="0" ind2="0"><marcx:subfield code="a">Det blev den relativt uerfarne australske instruktør John Hillcoat, der kom til at filmatisere Cormac McCarthys moderne mesterværk 'The Road'</marcx:subfield></marcx:datafield><marcx:datafield tag="557" ind1="0" ind2="0"><marcx:subfield code="a">Politiken</marcx:subfield><marcx:subfield code="j">2010</marcx:subfield><marcx:subfield code="z">0907-1814</marcx:subfield><marcx:subfield code="V">2010-01-30</marcx:subfield><marcx:subfield code="v">2010-01-30</marcx:subfield></marcx:datafield><marcx:datafield tag="600" ind1="0" ind2="0"><marcx:subfield code="a">Hillcoat</marcx:subfield><marcx:subfield code="h">John</marcx:subfield></marcx:datafield><marcx:datafield tag="600" ind1="0" ind2="0"><marcx:subfield code="A">maccarthy</marcx:subfield><marcx:subfield code="a">McCarthy</marcx:subfield><marcx:subfield code="h">Cormac</marcx:subfield></marcx:datafield><marcx:datafield tag="652" ind1="0" ind2="0"><marcx:subfield code="m">99.4</marcx:subfield><marcx:subfield code="a">Hillcoat</marcx:subfield><marcx:subfield code="h">John</marcx:subfield></marcx:datafield><marcx:datafield tag="666" ind1="0" ind2="0"><marcx:subfield code="0"></marcx:subfield><marcx:subfield code="f">amerikansk film</marcx:subfield></marcx:datafield><marcx:datafield tag="666" ind1="0" ind2="0"><marcx:subfield code="t">The ¤Road</marcx:subfield></marcx:datafield><marcx:datafield tag="700" ind1="0" ind2="0"><marcx:subfield code="a">Skotte</marcx:subfield><marcx:subfield code="h">Kim</marcx:subfield></marcx:datafield><marcx:datafield tag="700" ind1="0" ind2="0"><marcx:subfield code="a">Hillcoat</marcx:subfield><marcx:subfield code="h">John</marcx:subfield></marcx:datafield><marcx:datafield tag="996" ind1="0" ind2="0"><marcx:subfield code="a">IDX</marcx:subfield></marcx:datafield><marcx:datafield tag="d08" ind1="0" ind2="0"><marcx:subfield code="o">rma</marcx:subfield></marcx:datafield><marcx:datafield tag="d09" ind1="0" ind2="0"><marcx:subfield code="z">IFM100130</marcx:subfield></marcx:datafield><marcx:datafield tag="n01" ind1="0" ind2="0"><marcx:subfield code="a">e1dd40c0</marcx:subfield><marcx:subfield code="b">000011</marcx:subfield></marcx:datafield><marcx:datafield tag="n55" ind1="0" ind2="0"><marcx:subfield code="a">20100201</marcx:subfield></marcx:datafield><marcx:datafield tag="s12" ind1="0" ind2="0"><marcx:subfield code="t">TeamDAR201005</marcx:subfield></marcx:datafield><marcx:datafield tag="z00" ind1="0" ind2="0"><marcx:subfield code="a">Cave</marcx:subfield><marcx:subfield code="h">Nick</marcx:subfield></marcx:datafield><marcx:datafield tag="z00" ind1="0" ind2="0"><marcx:subfield code="a">Mccarthy</marcx:subfield><marcx:subfield code="h">Cormac</marcx:subfield></marcx:datafield><marcx:datafield tag="z00" ind1="0" ind2="0"><marcx:subfield code="a">Mortensen</marcx:subfield><marcx:subfield code="h">Viggo</marcx:subfield></marcx:datafield><marcx:datafield tag="z02" ind1="0" ind2="0"><marcx:subfield code="d">e1dd40c0</marcx:subfield><marcx:subfield code="t">Infomedia</marcx:subfield><marcx:subfield code="b">000002</marcx:subfield></marcx:datafield><marcx:datafield tag="z43" ind1="0" ind2="0"><marcx:subfield code="a">1350</marcx:subfield><marcx:subfield code="b">8384</marcx:subfield><marcx:subfield code="c">1389</marcx:subfield><marcx:subfield code="g">ART</marcx:subfield><marcx:subfield code="s">Kultur</marcx:subfield></marcx:datafield><marcx:datafield tag="z99" ind1="0" ind2="0"><marcx:subfield code="a">rma</marcx:subfield></marcx:datafield></marcx:record></marcx:collection><oss:openurl>_BASEURL_url_ctx_fmt=info:ofi/fmt:kev:mtx:ctx&amp;ctx_ver=Z39.88-2004&amp;rft_val_fmt=info:ofi/fmt:kev:mtx:journal&amp;rft.atitle=Den+lange+vej+til+verdens+ende&amp;rft.aulast=Skotte&amp;rft.aufirst=Kim&amp;rft.auinit=K&amp;rft.jtitle=&lt;dcterms:isPartOf+xsi:type="none"+xmlns:ting="http://www.dbc.dk/ting"+xmlns:dkabm="http://biblstandard.dk/abm/namespace/dkabm/"+xmlns:ac="http://biblstandard.dk/ac/namespace/"+xmlns:dkdcplus="http://biblstandard.dk/abm/namespace/dkdcplus/"+xmlns:oss="http://oss.dbc.dk/ns/osstypes"+xmlns:dc="http://purl.org/dc/elements/1.1/"+xmlns:dcterms="http://purl.org/dc/terms/"+xmlns:xsi="http://www.w3.org/2001/XMLSchema-instance"+xmlns:docbook="http://docbook.org/ns/docbook"+xmlns:xsi="http://www.w3.org/2001/XMLSchema-instance"&gt;Politiken&amp;rft.date=2010&amp;rft.pages=&amp;rft.spage=&amp;rft.epage=&amp;rft.issn=0907-1814&amp;rft.genre=article</oss:openurl><ln:links xmlns:ln="http://oss.dbc.dk/ns/links"><ln:link><ln:access>remote</ln:access><ln:accessType>rest</ln:accessType><ln:linkTo>webservice</ln:linkTo><ln:relationType>dbcaddi:hasOnlineAccess</ln:relationType><ln:url>[useraccessinfomedia]?action=getArticle&amp;faust=33990510&amp;libraryCode=[libraryCode]&amp;userId=[userId]&amp;userPinCode=[userPinCode]</ln:url><ln:collectionIdentifier>870971-avis</ln:collectionIdentifier></ln:link></ln:links><adminData><creationDate>2010-02-01</creationDate><libraryType>none</libraryType><indexingAlias>danmarcxchange</indexingAlias><accessType>physical</accessType><accessType>online</accessType><genre>nonfiktion</genre><collectionIdentifier>870971-avis</collectionIdentifier></adminData></ting:container>